@online{xiao2017/online,
  author       = {Han Xiao and Kashif Rasul and Roland Vollgraf},
  title        = {Fashion-MNIST: a Novel Image Dataset for Benchmarking Machine Learning Algorithms},
  date         = {2017-08-28},
  year         = {2017},
  eprintclass  = {cs.LG},
  eprinttype   = {arXiv},
  eprint       = {cs.LG/1708.07747},
}

@misc{shridhar2019comprehensive,
      title={A Comprehensive guide to Bayesian Convolutional Neural Network with Variational Inference}, 
      author={Kumar Shridhar and Felix Laumann and Marcus Liwicki},
      year={2019},
      eprint={1901.02731},
      archivePrefix={arXiv},
      primaryClass={cs.LG}
}

@article{mcinnes2018umap-software,
  title={UMAP: Uniform Manifold Approximation and Projection},
  author={McInnes, Leland and Healy, John and Saul, Nathaniel and Grossberger, Lukas},
  journal={The Journal of Open Source Software},
  volume={3},
  number={29},
  pages={861},
  year={2018}
}

@misc{blundell2015weight,
      title={Weight Uncertainty in Neural Networks}, 
      author={Charles Blundell and Julien Cornebise and Koray Kavukcuoglu and Daan Wierstra},
      year={2015},
      eprint={1505.05424},
      archivePrefix={arXiv},
      primaryClass={stat.ML}
}

@misc{kingma2015variational,
      title={Variational Dropout and the Local Reparameterization Trick}, 
      author={Diederik P. Kingma and Tim Salimans and Max Welling},
      year={2015},
      eprint={1506.02557},
      archivePrefix={arXiv},
      primaryClass={stat.ML}
}

@misc{zhao2019object,
      title={Object Detection with Deep Learning: A Review}, 
      author={Zhong-Qiu Zhao and Peng Zheng and Shou-tao Xu and Xindong Wu},
      year={2019},
      eprint={1807.05511},
      archivePrefix={arXiv},
      primaryClass={cs.CV}
}

@inproceedings{krizhevsky2012alexnet,
author = {Krizhevsky, Alex and Sutskever, Ilya and Hinton, Geoffrey E.},
title = {ImageNet Classification with Deep Convolutional Neural Networks},
year = {2012},
publisher = {Curran Associates Inc.},
address = {Red Hook, NY, USA},
booktitle = {Proceedings of the 25th International Conference on Neural Information Processing Systems - Volume 1},
pages = {1097–1105},
numpages = {9},
location = {Lake Tahoe, Nevada},
series = {NIPS'12}
}

@inproceedings{Oquab2014,
  author={Oquab, Maxime and Bottou, Leon and Laptev, Ivan and Sivic, Josef},
  booktitle={2014 IEEE Conference on Computer Vision and Pattern Recognition}, 
  title={Learning and Transferring Mid-level Image Representations Using Convolutional Neural Networks}, 
  year={2014},
  volume={},
  number={},
  pages={1717-1724},
  doi={10.1109/CVPR.2014.222}
}
  
@misc{dialameh2020dlreg,
      title={DL-Reg: A Deep Learning Regularization Technique using Linear Regression}, 
      author={Maryam Dialameh and Ali Hamzeh and Hossein Rahmani},
      year={2020},
      eprint={2011.00368},
      archivePrefix={arXiv},
      primaryClass={cs.LG}
}

@misc{kendall2017uncertainties,
      title={What Uncertainties Do We Need in Bayesian Deep Learning for Computer Vision?}, 
      author={Alex Kendall and Yarin Gal},
      year={2017},
      eprint={1703.04977},
      archivePrefix={arXiv},
      primaryClass={cs.CV}
}

@article{kiureghian2009uncertainty,
    title = {Aleatoric or epistemic? Does it matter?},
    author = {Armen Der Kiureghian and Ove Dalager Ditlevsen},
    year = {2009},
    doi = {10.1016/j.strusafe.2008.06.020},
    volume = "31",
    pages = "105--112",
    journal = "Structural Safety",
    issn = "0167-4730",
    publisher = "Elsevier",
    number = "2"
}

@misc{krasser2019, 
    title={Variational inference in Bayesian neural networks},
    url={http://krasserm.github.io/2019/03/14/bayesian-neural-networks/}, 
    journal={Variational inference in Bayesian neural networks}, 
    publisher={Github}, 
    author={Krasser, Martin}, 
    year={2019}, 
    month={Mar}
}

@misc{gal2016bayesian,
      title={Bayesian Convolutional Neural Networks with Bernoulli Approximate Variational Inference}, 
      author={Yarin Gal and Zoubin Ghahramani},
      year={2016},
      eprint={1506.02158},
      archivePrefix={arXiv},
      primaryClass={stat.ML}
}

@article{Blei_2017,
   title={Variational Inference: A Review for Statisticians},
   volume={112},
   ISSN={1537-274X},
   url={http://dx.doi.org/10.1080/01621459.2017.1285773},
   DOI={10.1080/01621459.2017.1285773},
   number={518},
   journal={Journal of the American Statistical Association},
   publisher={Informa UK Limited},
   author={Blei, David M. and Kucukelbir, Alp and McAuliffe, Jon D.},
   year={2017},
   month={Apr},
   pages={859–877}
}

@misc{xu2018variance,
      title={Variance reduction properties of the reparameterization trick}, 
      author={Ming Xu and Matias Quiroz and Robert Kohn and Scott A. Sisson},
      year={2018},
      eprint={1809.10330},
      archivePrefix={arXiv},
      primaryClass={stat.ML}
}

@book{robert_casella_2004, 
    place={New York, NY}, 
    edition={2}, 
    title={Monte Carlo Statistical Methods},
    url={https://link.springer.com/book/10.1007/978-1-4757-4145-2}, 
    publisher={Springer}, 
    author={Robert, Christian P and Casella, George}, 
    year={2004}
} 